%%%DOCUMENTACION PROYECTO BIOMECANICA
%%%%NOVIEMBRE 2014

%(IMPORTANTE ANTE DUDAS DE QUE COLOCAR LEER LOS CAMPOS EN Documentacion/Bibtex/EstiloMMBibliografia.pdf  pag. 11)
%PONER BIEN QUE ES, PUES DE ELLO DEPENDE EL FORMATO QUE ADQUIERE.



%%%  ARTICULOS EN REVISTAS
@article{herda,
  title={Using skeleton-based tracking to increase the reliability of optical motion capture},
  author={Herda, Lorna and Fua, Pascal and Pl{\"a}nkers, Ralf and Boulic, Ronan and Thalmann, Daniel},
  journal={Human movement science},
  volume={20},
  number={3},
  pages={313--341},
  year={2001},
  publisher={Elsevier}
}

@article{faugueras,
  title={What can two images tell us about a third one?},
  author={Faugeras, Olivier and Robert, Luc},
  journal={International Journal of Computer Vision},  
  volume={18},
  number={1},
  pages={5-19},
  year={1996},
  publisher={Springer}
}

@article{griegos,
  title={Particle tracking in three-dimensional turbulent flows - Part II: Particle tracking},
  author={Malik, N  and Dracos, T.  and Papantoniou, D.},
  journal={Experiments in Fluids},
  volume={15},  
  pages={297-294},
  year={1993}, 
  publisher={Springer} 
}

@article{colombianos,
  title={DETECCI{\'O}N, RASTREO Y RECONSTRUCCI{\'O}N TRIDIMENSIONAL DE MARCADORES PASIVOS PARA AN{\'A}LISIS DE MOVIMIENTO HUMANO. CINEMED III-Detection, tracking and 3D reconstruction of passive markers for human gait analysis},
  author={Diaz, Christian Andr{\'e}s and Toro, Maria Luisa and Forero, Johana Carolina and Torres, Andr{\'e}s},
  journal={Revista ingenier{\'\i}a Biom{\'e}dica},
  volume={3},
  number={6},
  pages={56--68},
  year={2009}
}

@article{surveyThreshold,
  title={Survey over image thresholding techniques and quantitative performance evaluation},
  author={Sezgin, Mehmet and others},
  journal={Journal of Electronic imaging},
  volume={13},
  number={1},
  pages={146--168},
  year={2004},
  publisher={International Society for Optics and Photonics}
}

@article{otsu,
  title={A threshold selection method from gray-level histograms},
  author={Otsu, Nobuyuki},
  journal={Automatica},
  volume={11},
  number={285-296},
  pages={23--27},
  year={1975}
}

@article{imageMoments,
  title={Visual pattern recognition by moment invariants},
  author={Hu, Ming-Kuei},
  journal={Information Theory, IRE Transactions on},
  volume={8},
  number={2},
  pages={179--187},
  year={1962},
  publisher={IEEE}
}


@article{excentricidad,
  title={The eccentricity of a conic section},
  author={Ayoub, Ayoub B},
  journal={College Mathematics Journal},
  volume={34},
  number={2},
  pages={116--121},
  year={2003},
  publisher={Mathematical Association of America}
}

@article{hough,
  title={Use of the Hough transformation to detect lines and curves in pictures},
  author={Duda, Richard O and Hart, Peter E},
  journal={Communications of the ACM},
  volume={15},
  number={1},
  pages={11--15},
  year={1972},
  publisher={ACM}
}

@article{humaneva,
  title={Humaneva: Synchronized video and motion capture dataset and baseline algorithm for evaluation of articulated human motion},
  author={Sigal, Leonid and Balan, Alexandru O and Black, Michael J},
  journal={International journal of computer vision},
  volume={87},
  number={1-2},
  pages={4--27},
  year={2010},
  publisher={Springer}
}

@article{meredith2001motion,
  title={Motion capture file formats explained},
  author={Meredith, Maddock and Maddock, S},
  journal={Department of Computer Science, University of Sheffield},
  volume={211},
  year={2001}
}

@article{gross2001cmu,
  title={The {CMU} motion of body (mobo) database},
  author={Gross, Ralph and Shi, Jianbo},
  year={2001},
  publisher={Citeseer}
}





%%% LIBROS COMPLETOS

@BooK{Gonzalez,
  title={Digital image processing},
  author={Gonzalez, Rafael C and Woods, Richard E},
  year={2002},
  publisher={Prentice hall Upper Saddle River, NJ:}
}

@Book{procImg,
  title={Image processing in C: analyzing and enhancing digital images},
  author={Phillips, Dwayne},
  year={1994},
  publisher={R \& D Publications, Inc.}
}

@Book{bodenheimer1997process,
  title={The process of motion capture: Dealing with the data},
  author={Bodenheimer, Bobby and Rose, Chuck and Rosenthal, Seth and Pella, John},
  year={1997},
  publisher={Springer}
}


%%% CAPITULOS DE UN LIBRO

@Inbook{smooth,
  author={Gonzalez, Rafael C and Woods, Richard E},
  title={Digital image processing},    
  pages={174},
  year={2002},
  publisher={Prentice hall Upper Saddle River, NJ:},  
  chapter = {3.5}
}


@Inbook{tophat, 
author={Gonzalez, Rafael C and Woods, Richard E},
  title={Digital image processing},    
  pages={692},
  year={2002},
  publisher={Prentice hall Upper Saddle River, NJ:},  
  chapter = {9.6.3}
}

@Inbook{segment, 
author={Gonzalez, Rafael C and Woods, Richard E},
  title={Digital image processing},    
  pages={760},
  chapter = {10.3},
  year={2002},
  publisher={Prentice hall Upper Saddle River, NJ:}  
  
}

@Inbook{bayes,
  title={Digital image processing},
  author={Gonzalez, Rafael C and Woods, Richard E},
  year={2002},
  pages={894},
  chapter = {12.2.2},
  publisher={Prentice hall Upper Saddle River, NJ:}
}


%%% TRABAJOS DE TESIS


%%% MEMORIAS DE CONGRESOS
@inproceedings{HSV,
  title={Segmentation and histogram generation using the HSV color space for image retrieval},
  author={Sural, Shamik and Qian, Gang and Pramanik, Sakti},
  booktitle={Image Processing. 2002. Proceedings. 2002 International Conference on},
  volume={2},
  pages={II--589},
  year={2002},
  organization={IEEE}  
}

@inproceedings{seely2008university,
  title={The university of southampton multi-biometric tunnel and introducing a novel 3d gait dataset},
  author={Seely, Richard D and Samangooei, Sina and Lee, M and Carter, John N and Nixon, Mark S},
  booktitle={Biometrics: Theory, Applications and Systems, 2008. BTAS 2008. 2nd IEEE International Conference on},
  pages={1--6},
  year={2008},
  organization={IEEE}
}

@inproceedings{kuchi2003drag,
  title={DRAG: a database for recognition and analasys of gait},
  author={Kuchi, Prem and Hiremagalur, Raghu Ram V and Huang, Helen and Carhart, Michael and He, Jiping and Panchanathan, Sethuraman},
  booktitle={ITCom 2003},
  pages={115--124},
  year={2003},
  organization={International Society for Optics and Photonics}
}


%%% DOCUMENTOS SIN PUBLICAR

%%% PAGINAS DE INTERNET

@MISC{implementacionOtsu,
title={Kernel Density Estimator },
author = {Tailanian, M and  Cardelino, J},
year={2013},
howpublished = {https://github.com/martin-etchart/kde},
note = {Accedido 24-11-2014}
}

@MISC{opencv,
key = {opencv},
title={OpenCV},
howpublished = {http://opencv.org/},
note = {Accedido 29-11-2014}
}

@MISC{cvblob,
key = {cvblob},
title={CvBlob-Blob library for OpenCV},
howpublished = {https://code.google.com/p/cvblob/},
note = {Accedido 29-11-2014}
}

@MISC{betweenvarianze,
author = {Morse, B},
title={Thresholding},
howpublished = {http://homepages.inf.ed.ac.uk/rbf/CVonline/LOCAL{\_}COPIES/MORSE/threshold.pdf},
note = {Accedido 29-11-2014}
}

@MISC{xml,
author = {Wikipedia},
title={Extensible Markup Language},
howpublished = {http://es.wikipedia.org/wiki/Extensible{\_}Markup{\_}Language},
note = {Accedido 29-11-2014}
}

@MISC{defBlob,
author = {Wikipedia},
title={Binary large object},
howpublished = {http://en.wikipedia.org/wiki/Binary{\_}large{\_}objec},
note = {Accedido 29-11-2014}
}

@MISC{humanevaBase,
author = {Black, M. and Sigal, L.},
title={Huma{E}va dataset},
howpublished = {http://humaneva.is.tue.mpg.de/},
note = {Accedido 29-11-2014}
}

@MISC{canon,
autor = {Canon},
title={Sincronización},
howpublished = {http://www.canon.es/},
note = {Accedido 29-11-2014}
}


@MISC{todo_fotografia,
autor = {Carrillo,  R.},
title={Todo fotografía},
howpublished = {http://todo-fotografia.com/},
note = {Accedido 2-12-2014}
}

