%%%DOCUMENTACION PROYECTO BIOMECANICA
%%%%NOVIEMBRE 2014

%(IMPORTANTE ANTE DUDAS DE QUE COLOCAR LEER LOS CAMPOS EN Documentacion/Bibtex/EstiloMMBibliografia.pdf  pag. 11)
%PONER BIEN QUE ES, PUES DE ELLO DEPENDE EL FORMATO QUE ADQUIERE.



%%%  ARTICULOS EN REVISTAS
@article{herda,
  title={Using skeleton-based tracking to increase the reliability of optical motion capture},
  author={Herda, Lorna and Fua, Pascal and Pl{\"a}nkers, Ralf and Boulic, Ronan and Thalmann, Daniel},
  journal={Human movement science},
  volume={20},
  number={3},
  pages={313--341},
  year={2001},
  publisher={Elsevier}
}

@article{faugueras,
  title={What can two images tell us about a third one?},
  author={Faugeras, Olivier and Robert, Luc},
  journal={International Journal of Computer Vision},  
  volume={18},
  number={1},
  pages={5-19},
  year={1996},
  publisher={Springer}
}

@article{griegos,
  title={Particle tracking in three-dimensional turbulent flows - Part II: Particle tracking},
  author={Malik, N  and Dracos, T.  and Papantoniou, D.},
  journal={Experiments in Fluids},
  volume={15},  
  pages={297-294},
  year={1993}, 
  publisher={Springer} 
}

@article{colombianos,
  title={DETECCI{\'O}N, RASTREO Y RECONSTRUCCI{\'O}N TRIDIMENSIONAL DE MARCADORES PASIVOS PARA AN{\'A}LISIS DE MOVIMIENTO HUMANO. CINEMED III-Detection, tracking and 3D reconstruction of passive markers for human gait analysis},
  author={Diaz, Christian Andr{\'e}s and Toro, Maria Luisa and Forero, Johana Carolina and Torres, Andr{\'e}s},
  journal={Revista ingenier{\'\i}a Biom{\'e}dica},
  volume={3},
  number={6},
  pages={56--68},
  year={2009}
}

@article{surveyThreshold,
  title={Survey over image thresholding techniques and quantitative performance evaluation},
  author={Sezgin, Mehmet and others},
  journal={Journal of Electronic imaging},
  volume={13},
  number={1},
  pages={146--168},
  year={2004},
  publisher={International Society for Optics and Photonics}
}

@article{otsu,
  title={A threshold selection method from gray-level histograms},
  author={Otsu, Nobuyuki},
  journal={Automatica},
  volume={11},
  number={285-296},
  pages={23--27},
  year={1975}
}

@article{imageMoments,
  title={Visual pattern recognition by moment invariants},
  author={Hu, Ming-Kuei},
  journal={Information Theory, IRE Transactions on},
  volume={8},
  number={2},
  pages={179--187},
  year={1962},
  publisher={IEEE}
}


@article{excentricidad,
  title={The eccentricity of a conic section},
  author={Ayoub, Ayoub B},
  journal={College Mathematics Journal},
  volume={34},
  number={2},
  pages={116--121},
  year={2003},
  publisher={Mathematical Association of America}
}

@article{hough,
  title={Use of the Hough transformation to detect lines and curves in pictures},
  author={Duda, Richard O and Hart, Peter E},
  journal={Communications of the ACM},
  volume={15},
  number={1},
  pages={11--15},
  year={1972},
  publisher={ACM}
}

@article{humaneva,
  title={Humaneva: Synchronized video and motion capture dataset and baseline algorithm for evaluation of articulated human motion},
  author={Sigal, Leonid and Balan, Alexandru O and Black, Michael J},
  journal={International journal of computer vision},
  volume={87},
  number={1-2},
  pages={4--27},
  year={2010},
  publisher={Springer}
}



@article{gross2001cmu,
  title={The {CMU} motion of body (mobo) database},
  author={Gross, Ralph and Shi, Jianbo},
  year={2001},
  publisher={Citeseer}
}

@ARTICLE{survey_tracking,
    author = {C. J. Veenman and M.J.T. Reinders and E. Backer},
    title = {Resolving Motion Correspondence for Densely Moving Points},
    journal = {IEEE Transactions on Pattern Analysis and Machine Intelligence},
    year = {2001},
    volume = {23},
    pages = {54--72}
}

@article{kalman,
  title={A new approach to linear filtering and prediction problems},
  author={Kalman, Rudolph Emil},
  journal={Journal of Fluids Engineering},
  volume={82},
  number={1},
  pages={35--45},
  year={1960},
  publisher={American Society of Mechanical Engineers}
}


@article{meredith2001motion,
  title={Motion capture file formats explained},
  author={Meredith, Maddock and Maddock, S},
  journal={Department of Computer Science, University of Sheffield},
  volume={211},
  year={2001}
}

@article{figueroa2003flexible,
  title={A flexible software for tracking of markers used in human motion analysis},
  author={Figueroa, Pascual J and Leite, Neucimar J and Barros, Ricardo ML},
  journal={Computer methods and programs in biomedicine},
  volume={72},
  number={2},
  pages={155--165},
  year={2003},
  publisher={Elsevier}
}

@incollection{pardo2005simple,
  title={Simple and robust hard cut detection using interframe differences},
  author={Pardo, Alvaro},
  booktitle={Progress in Pattern Recognition, Image Analysis and Applications},
  pages={409--419},
  year={2005},
  publisher={Springer}
}

@inproceedings{ringer2000modelling,
  title={Modelling and tracking articulated motion from multiple camera views},
  author={Ringer, Maurice and Lasenby, Joan},
  booktitle={BMVC},
  volume={2000},
  pages={172--181},
  year={2000}
}

@inproceedings{kirk2005skeletal,
  title={Skeletal parameter estimation from optical motion capture data},
  author={Kirk, Adam G and O'Brien, James F and Forsyth, David A},
  booktitle={Computer Vision and Pattern Recognition, 2005. CVPR 2005. IEEE Computer Society Conference on},
  volume={2},
  pages={782--788},
  year={2005},
  organization={IEEE}
}

@inproceedings{kurihara2002optical,
  title={Optical motion capture system with pan-tilt camera tracking and realtime data processing},
  author={Kurihara, Kazutaka and Hoshino, Shin'ichiro and Yamane, Katsu and Nakamura, Yoshihiko},
  booktitle={ICRA},
  pages={1241--1248},
  year={2002}
}


@article{shafiq2001marker,
  title={Marker detection and trajectory generation algorithms for a multicamera based gait analysis system},
  author={Shafiq, M Shahid and T{\"u}mer, S Turgut and G{\"u}ler, H Cenk},
  journal={Mechatronics},
  volume={11},
  number={4},
  pages={409--437},
  year={2001},
  publisher={Elsevier}
}

@article{martinez2009analisis,
  title={An{\'a}lisis de v{\'\i}deo para estimaci{\'o}n del movimiento humano: una revisi{\'o}n},
  author={Mart{\'\i}nez, Fabio and G{\'o}mez, Francisco and Romero, Eduardo},
  journal={Revista Med},
  volume={17},
  number={1},
  pages={953--106},
  year={2009},
  publisher={Universidad Militar Nueva Granada}
}

%%% LIBROS COMPLETOS

@BooK{Gonzalez,
  title={Digital image processing},
  author={Gonzalez, Rafael C and Woods, Richard E},
  year={2002},
  publisher={Prentice hall Upper Saddle River, NJ:}
}

@Book{procImg,
  title={Image processing in C: analyzing and enhancing digital images},
  author={Phillips, Dwayne},
  year={1994},
  publisher={R \& D Publications, Inc.}
}

@Book{bodenheimer1997process,
  title={The process of motion capture: Dealing with the data},
  author={Bodenheimer, Bobby and Rose, Chuck and Rosenthal, Seth and Pella, John},
  year={1997},
  publisher={Springer}
}

@book{faugeras_libro,
  title={Three-dimensional computer vision: a geometric viewpoint},
  author={Faugeras, Olivier},
  year={1993},
  publisher={MIT press}
}

@book{zhang_libro,
  title={Emerging topics in computer vision},
  author={Medioni, Gerard and Kang, Sing Bing},
  year={2004},
  publisher={Prentice Hall PTR}
}

@book{cyganek,
  title={An introduction to 3D computer vision techniques and algorithms},
  author={Cyganek, Boguslaw and Siebert, J Paul},
  year={2011},
  publisher={John Wiley \& Sons}
}

@book{hartley,
  title={Multiple view geometry in computer vision},
  author={Hartley, Richard and Zisserman, Andrew},
  year={2003},
  publisher={Cambridge university press}
}


%%% CAPITULOS DE UN LIBRO

@Inbook{smooth,
  author={Gonzalez, Rafael C and Woods, Richard E},
  title={Digital image processing},    
  pages={174},
  year={2002},
  publisher={Prentice hall Upper Saddle River, NJ:},  
  chapter = {3.5}
}


@Inbook{tophat, 
author={Gonzalez, Rafael C and Woods, Richard E},
  title={Digital image processing},    
  pages={692},
  year={2002},
  publisher={Prentice hall Upper Saddle River, NJ:},  
  chapter = {9.6.3}
}

@Inbook{segment, 
author={Gonzalez, Rafael C and Woods, Richard E},
  title={Digital image processing},    
  pages={760},
  chapter = {10.3},
  year={2002},
  publisher={Prentice hall Upper Saddle River, NJ:}  
  
}

@Inbook{bayes,
  title={Digital image processing},
  author={Gonzalez, Rafael C and Woods, Richard E},
  year={2002},
  pages={894},
  chapter = {12.2.2},
  publisher={Prentice hall Upper Saddle River, NJ:}
}


%%% TRABAJOS DE TESIS


%%% MEMORIAS DE CONGRESOS
@inproceedings{HSV,
  title={Segmentation and histogram generation using the HSV color space for image retrieval},
  author={Sural, Shamik and Qian, Gang and Pramanik, Sakti},
  booktitle={Image Processing. 2002. Proceedings. 2002 International Conference on},
  volume={2},
  pages={II--589},
  year={2002},
  organization={IEEE}  
}

@inproceedings{seely2008university,
  title={The university of southampton multi-biometric tunnel and introducing a novel 3d gait dataset},
  author={Seely, Richard D and Samangooei, Sina and Lee, M and Carter, John N and Nixon, Mark S},
  booktitle={Biometrics: Theory, Applications and Systems, 2008. BTAS 2008. 2nd IEEE International Conference on},
  pages={1--6},
  year={2008},
  organization={IEEE}
}

@inproceedings{kuchi2003drag,
  title={DRAG: a database for recognition and analasys of gait},
  author={Kuchi, Prem and Hiremagalur, Raghu Ram V and Huang, Helen and Carhart, Michael and He, Jiping and Panchanathan, Sethuraman},
  booktitle={ITCom 2003},
  pages={115--124},
  year={2003},
  organization={International Society for Optics and Photonics}
}


%%% DOCUMENTOS SIN PUBLICAR

%%% PAGINAS DE INTERNET

@MISC{implementacionOtsu,
title={Kernel Density Estimator },
author = {Tailanian, M and  Cardelino, J},
year={2013},
howpublished = {https://github.com/martin-etchart/kde},
note = {Accedido 24-11-2014}
}

@MISC{opencv,
key = {opencv},
title={OpenCV},
howpublished = {http://opencv.org/},
note = {Accedido 29-11-2014}
}

@MISC{cvblob,
key = {cvblob},
title={CvBlob-Blob library for OpenCV},
howpublished = {https://code.google.com/p/cvblob/},
note = {Accedido 29-11-2014}
}

@MISC{betweenvarianze,
author = {Morse, B},
title={Thresholding},
howpublished = {http://homepages.inf.ed.ac.uk/rbf/CVonline/LOCAL{\_}COPIES/MORSE/threshold.pdf},
note = {Accedido 29-11-2014}
}

@MISC{xml,
author = {Wikipedia},
title={Extensible Markup Language},
howpublished = {http://es.wikipedia.org/wiki/Extensible{\_}Markup{\_}Language},
note = {Accedido 29-11-2014}
}

@MISC{defBlob,
author = {Wikipedia},
title={Binary large object},
howpublished = {http://en.wikipedia.org/wiki/Binary{\_}large{\_}objec},
note = {Accedido 29-11-2014}
}

@MISC{humanevaBase,
author = {Black, M. and Sigal, L.},
title={Huma{E}va dataset},
howpublished = {http://humaneva.is.tue.mpg.de/},
note = {Accedido 29-11-2014}
}



@MISC{canon,
autor = {Canon},
title={Sincronización},
howpublished = {http://www.canon.es/},
note = {Accedido 29-11-2014}
}


@MISC{todo_fotografia,
autor = {Carrillo,  R.},
title={Todo fotografía},
howpublished = {http://todo-fotografia.com/},
note = {Accedido 2-12-2014}
}

@MISC{cgspeed,
autor = {Hahne, B.},
title={cgspeed},
howpublished = {http://www.cgspeed.com/},
note = {Accedido 6-12-2014}
}



@MISC{CVonline,
author = {Fisher, Robert},
title={CVonline: The Evolving, Distributed, Non-Proprietary, On-Line Compendium of Computer Vision},
howpublished = {http://homepages.inf.ed.ac.uk/rbf/CVonline},
note = {Accedido 30-11-2014}
}


@MISC{CVPapers,
author = {Mazars, Gilles},
title={CVPapers - Computer Vision Resource},
howpublished = {http://www.cvpapers.com/index.html},
note = {Accedido 30-11-2014}
}


@MISC{YACVID,
author = {Riemenschneider, Hayko},
title={Yet Another Computer Vision Index To Datasets (YACVID).},
howpublished = {http://riemenschneider.hayko.at/vision/dataset/},
note = {Accedido 30-11-2014}
}


@MISC{MCL,
author = {The Ohio State University},
title={ACCAD, Motion Capture Lab},
howpublished = {http://accad.osu.edu/research/mocap/mocap{\_}home.htm },
note = {Accedido 30-11-2014}
}

@MISC{CMU,
author = {Carnegie Mellon University},
title={CMU Graphics Lab Motion Capture Database },
howpublished = {http://mocap.cs.cmu.edu/},
note = {Accedido 30-11-2014}
}


@MISC{GT,
author = {Georgia Tech},
title={Human Identification at a Distance},
howpublished = {http://www.cc.gatech.edu/cpl/projects/hid/index.html},
note = {Accedido 30-11-2014}
}

@MISC{US,
author = { ISIS research group, University of Southampton},
title={Southampton Human ID at a Distance database},
howpublished = {http://www.gait.ecs.soton.ac.uk/database/},
note = {Accedido 30-11-2014}
}


@MISC{Human_ID,
author = {University of South Florida},
title={Baseline Algorithm and Performance for Gait Based Human ID Challenge Problem},
howpublished = {http://marathon.csee.usf.edu/GaitBaseline/},
note = {Accedido 30-11-2014}
}


@MISC{HumanEvaWeb,
author = {Max Planck Institute for Intelligent Systems Perceiving Systems },
title={ HumanEva dataset},
howpublished = {http://humaneva.is.tue.mpg.de/},
note = {Accedido 30-11-2014}
}


@MISC{INRIA,
author = {INRIA, National Institute for Research in Computer Science and Control.},
title={4D Repository },
howpublished = {http://4drepository.inrialpes.fr/pages/home},
note = {Accedido 30-11-2014}
}

@techreport{Mobo,
   author = "Ralph Gross and Jianbo Shi",
   title = "The CMU Motion of Body (MoBo) Database",
   booktitle = "",
   institution = "Robotics Institute",
   month = "June",
   year = "2001",
   number= "CMU-RI-TR-01-18",
   address= "Pittsburgh, PA",
   note = {Accedido 30-11-2014}
}

@MISC{CASIA,
author = {Center for Biometrics and Security Research },
institution = {Institute of Automation Chinese Academy of Sciences },
title={Casia Gait Database },
howpublished = {http://www.cbsr.ia.ac.cn/english/Gait{\%}20Databases.asp},
note = {Accedido 30-11-2014}
}

@MISC{MHAD,
author = {Lab at University of California at Berkeley and Center for Imaging Science, Johns Hopkins University },
institution = { },
title={The Berkeley Multimodal Human Action Database (MHAD)  },
howpublished = {http://tele-immersion.citris-uc.org/berkeley{\_}mhad\#dl},
note = {Accedido 30-11-2014}
}

@MISC{bvhacker,
author = {Wooldridge, David  },
title={bvhacker: The free bvh file editing tool },
howpublished = {http://davedub.co.uk/bvhacker/},
note = {Accedido 30-11-2014}
}



